<?xml version="1.0" encoding="UTF-8"?>
<record xmlns="http://www.loc.gov/MARC21/slim" xmlns:xsi="http://www.w3.org/2001/XMLSchema-instance" xsi:schemaLocation="http://www.loc.gov/MARC21/slim http://www.loc.gov/standards/marcxml/schema/MARC21slim.xsd">
<leader>00000cam a22      a 4500</leader>
<controlfield tag="001">001678478</controlfield>
<controlfield tag="003">NNU</controlfield>
<controlfield tag="005">20151009160914.0</controlfield>
<controlfield tag="008">130901s1968    iq b          000 0 ara</controlfield>
<datafield tag="035" ind1=" " ind2=" ">
<subfield code="a">(OCoLC)857364519</subfield>
</datafield>
<datafield tag="040" ind1=" " ind2=" ">
<subfield code="a">QAFCL</subfield>
<subfield code="b">ara</subfield>
<subfield code="c">QAFCL</subfield>
<subfield code="d">OCLCO</subfield>
<subfield code="d">OCLCF</subfield>
<subfield code="d">NNU</subfield>
</datafield>
<datafield tag="043" ind1=" " ind2=" ">
<subfield code="a">a-is---</subfield>
<subfield code="a">ma-----</subfield>
</datafield>
<datafield tag="050" ind1=" " ind2="4">
<subfield code="a">DS119.7</subfield>
<subfield code="b">.J35 1968</subfield>
</datafield>
<datafield tag="100" ind1="1" ind2=" ">
<subfield code="6">880-01</subfield>
<subfield code="a">Jamīl, Ḥusayn.</subfield>
</datafield>
<datafield tag="245" ind1="1" ind2="0">
<subfield code="6">880-02</subfield>
<subfield code="a">Buṭlān al-usus allatī uqīma ʻalayhā wujūd Isrāʼīl ʻalá al-arḍ al-ʻArabīyah wa-salāmat al-mawqif al-ʻArabī min al-qaḍīyah al-Filasṭīnīyah.</subfield>
<subfield code="c">Taʼlīf Ḥusayn Jamīl.</subfield>
</datafield>
<datafield tag="260" ind1=" " ind2=" ">
<subfield code="6">880-03</subfield>
<subfield code="a">[Baghdād]</subfield>
<subfield code="b">Wizārat al-Thaqāfah wa-al-Irshād, Mudīrīyat al-Irshād al-ʻĀmmah</subfield>
<subfield code="c">[1968]</subfield>
</datafield>
<datafield tag="300" ind1=" " ind2=" ">
<subfield code="6">880-04</subfield>
<subfield code="a">161 p.</subfield>
<subfield code="b">maps.</subfield>
<subfield code="c">21 cm.</subfield>
</datafield>
<datafield tag="490" ind1="1" ind2=" ">
<subfield code="6">880-05</subfield>
<subfield code="a">Silsilah al-iʻlāmīyah,</subfield>
<subfield code="v">2</subfield>
</datafield>
<datafield tag="650" ind1=" " ind2="0">
<subfield code="a">Jewish-Arab relations.</subfield>
</datafield>
<datafield tag="650" ind1=" " ind2="7">
<subfield code="a">Jewish-Arab relations.</subfield>
<subfield code="2">fast</subfield>
<subfield code="0">(OCoLC)fst00983106</subfield>
</datafield>
<datafield tag="880" ind1="1" ind2=" ">
<subfield code="6">100-01/</subfield>
<subfield code="a">جميل، حسين.</subfield>
</datafield>
<datafield tag="880" ind1="1" ind2="0">
<subfield code="6">245-02/</subfield>
<subfield code="a">بطلان الأسس التي أقيم عليها وجود إسرائيل على الأرض العربية وسلامة الموقف العربي من القضية الفلسطينية.</subfield>
<subfield code="c">تأليف حسين جميل.</subfield>
</datafield>
<datafield tag="880" ind1=" " ind2=" ">
<subfield code="6">260-03/</subfield>
<subfield code="a">[بغداد]</subfield>
<subfield code="b">وزارة الثقافة والإرشاد، مديرية الإرشاد العامة</subfield>
<subfield code="c">[1968]</subfield>
</datafield>
<datafield tag="880" ind1=" " ind2=" ">
<subfield code="6">300-04/</subfield>
<subfield code="a">161 ص.</subfield>
<subfield code="b">خريطة</subfield>
<subfield code="c">21 سم.</subfield>
</datafield>
<datafield tag="880" ind1="1" ind2=" ">
<subfield code="6">490-05/</subfield>
<subfield code="a">سلسلة الإعلامية،</subfield>
<subfield code="v">2</subfield>
</datafield>
<datafield tag="810" ind1="1" ind2=" ">
<subfield code="6">880-06</subfield>
<subfield code="a">Iraq.</subfield>
<subfield code="b">Wizārat al-Thaqāfah wa-al-Irshād.</subfield>
<subfield code="t">Silsilah al-iʻlāmīyah ;</subfield>
<subfield code="v">2.</subfield>
</datafield>
<datafield tag="880" ind1="1" ind2=" ">
<subfield code="6">810-06/</subfield>
<subfield code="a">العراق.</subfield>
<subfield code="b">وزارة الثقافة والإرشاد.</subfield>
<subfield code="t">سلسلة الإعلامية ؛</subfield>
<subfield code="v">2.</subfield>
</datafield>
<datafield tag="OWN" ind1=" " ind2=" ">
<subfield code="a">GENERAL</subfield>
</datafield>
<datafield tag="AVA" ind1=" " ind2=" ">
<subfield code="a">NYU50</subfield>
<subfield code="b">BOBST</subfield>
<subfield code="c">Main Collection</subfield>
<subfield code="d">DS119.7 .J35</subfield>
<subfield code="e">unavailable</subfield>
<subfield code="t">Unavailable</subfield>
<subfield code="f">1</subfield>
<subfield code="g">1</subfield>
<subfield code="h">N</subfield>
<subfield code="i">0</subfield>
<subfield code="j">MAIN</subfield>
<subfield code="k">0</subfield>
</datafield>
</record>
